%!TEX root = Master.tex
@inbook{PacketLoss80211,
title = "The Impact of Packet Loss Behavior in 802.11g on the Cooperation Gain in Reliable Multicast",
author = "Janus Heide and Peter Vingelmann and Pedersen, {Morten Videbæk} and Qi Zhang and Frank Fitzek",
year = "2012",
month = "9",
doi = "10.1109/VTCFall.2012.6398999",
isbn = "978-1-4673-1880-8",
pages = "1--5",
booktitle = "2012 IEEE Vehicular Technology Conference (VTC Fall)",
publisher = "IEEE Press",
}


@ARTICLE{IEEE80211g,
journal={IEEE Std 802.11g-2003 (Amendment to IEEE Std 802.11, 1999 Edn. (Reaff 2003) as amended by IEEE Stds 802.11a-1999, 802.11b-1999, 802.11b-1999/Cor 1-2001, and 802.11d-2001)},
title={IEEE Standard for Information Technology- Telecommunications and Information Exchange Between Systems- Local and Metropolitan Area Networks- Specific Requirements Part Ii: Wireless LAN Medium Access Control (MAC) and Physical Layer (PHY) Specifications},
year={2003},
pages={i-67},
keywords={IEEE standards;access protocols;telecommunication standards;wireless LAN;2.4 GHz;IEEE Std 802.11 1999 Edition;IEEE Std 802.11g-2003;IEEE Stds 802.11a-1999;IEEE Stds 802.11b-1999;IEEE Stds 802.11b-1999/Cor 1-2001;IEEE Stds 802.11d-2001;IEEE telecommunication standards;WLAN;access protocols},
doi={10.1109/IEEESTD.2003.94282},
month={},
}

@ARTICLE{5725212,
author={K. D. Huang and D. Malone and K. R. Duffy},
journal={IEEE Transactions on Wireless Communications},
title={The 802.11g 11 Mb/s Rate is More Robust than 6 Mb/s},
year={2011},
volume={10},
number={4},
pages={1015-1020},
keywords={access protocols;modulation coding;wireless LAN;802.11 MAC;802.11g;bit rate 11 Mbit/s;bit rate 5.5 Mbit/s;indoor measurements;modulation coding;outdoor measurements;packet loss;packet transmission;physical layer coding;IEEE 802.11g Standard;Payloads;Robustness;Signal to noise ratio;Throughput;IEEE 802.11;WLAN;packet loss rate},
doi={10.1109/TWC.2011.030311.100402},
ISSN={1536-1276},
month={April},
}

@ARTICLE{PERvsPlength,
author={Moses Ekpenyong and Joseph Isabona},
journal={IJCSI International Journal of Computer Science},
title={Modeling Throughput Performance in 802.11 WLAN},
year={2010},
volume={7},
number={11},
pages={16-23},
keywords={access protocols;wireless LAN;802.11 MAC;802.11g;packet loss;packet transmission;IEEE 802.11g Standard;Payloads;Signal to noise ratio;Throughput;IEEE 802.11;WLAN;packet loss rate},
ISSN={1694-0784},
month={May},
}

@ARTICLE{Throughput80211,
author={L\'opez Aguilera, {M. Elena} and Casademont Serra, Jordi and Cotrina Navau, Josep},
journal={IEEE International Symposium on Personal, Indoor and Mobile Radio Communications},
title={IEEE 802.11g performance in presence of beacon control frames},
year={2004},
keywords={802.11;802.11g;IEEE 802.11g Standard;IEEE 802.11;beacon;beacon control frame},
doi={10.1109/TWC.2011.030311.100402},
ISBN={0-7803-8523-3},
month={September},
}


@ARTICLE{WorksheetH264,
author={Rasmus Liborius Bruun and Martin Eriksen and Rasmus Suhr Mogensen and Kasper Wissing Mortensen},
journal={Worksheet portfolio},
title={Motivation for h264 source coding},
year={2016},
keywords={Video encoding;h.264},
month={November},
}
@ARTICLE{rangetest,
author={Rasmus Liborius Bruun and Martin Eriksen and Rasmus Suhr Mogensen and Kasper Wissing Mortensen},
journal={Worksheet portfolio},
title={Range test},
year={2016},
keywords={Video encoding;h.264},
month={November},
}
@ARTICLE{anime,
author={Rasmus Liborius Bruun and Martin Eriksen and Rasmus Suhr Mogensen and Kasper Wissing Mortensen},
journal={Worksheet portfolio},
title={Correlation animation tool},
year={2016},
keywords={correlation},
month={November},
}

@ARTICLE{WorksheetThroughput,
author={Rasmus Liborius Bruun and Martin Eriksen and Rasmus Suhr Mogensen and Kasper Wissing Mortensen},
journal={Worksheet portfolio},
title={Measuring the Maximum Throughput of 802.11 MAC SDU},
year={2016},
keywords={802.11;802.11g;SDU,Throughput,Data Rate},
month={November},
}

@ARTICLE{WorksheetGrid,
author={Rasmus Liborius Bruun and Martin Eriksen and Rasmus Suhr Mogensen and Kasper Wissing Mortensen},
journal={Worksheet portfolio},
title={Packetloss and correlation for UDP wireless multicast},
year={2016},
keywords={802.11;802.11g;SDU,Throughput,Data Rate},
month={November},
}
@misc{H264,
    author = "{Jason Robert Carey Patterson}",
    title = {{Video Encoding Settings for H.264 Excellence}},
    howpublished = {\url{http://www.lighterra.com/papers/videoencodingh264/}},
    note = {Online; accessed 22 November 2016} ,
    year=2012,
}
@misc{droneVid,
    author = "",
    title = {Flight video},
    howpublished = {\url{https://youtu.be/Is5HdCOMl0E}},
}
@misc{petro,
    author = "{Steinwurf}",
    title = {petro},
    howpublished = {\url{https://github.com/steinwurf/petro}},
    note = {Online; accessed 22 November 2016} ,
}
@misc{lockheed,
    author = "{Lockheed Martin Corporation}",
    title = {{Indago UAS}},
    howpublished = {\url{http://www.lockheedmartin.com/us/products/procerus/indago-uas.html}},
    note = {Online; accessed 28 November 2016} ,
    year=2016,
}

@ARTICLE{WorksheetValidEstimate,
author={Rasmus Liborius Bruun and Martin Eriksen and Rasmus Suhr Mogensen and Kasper Wissing Mortensen},
journal={Worksheet portfolio},
title={Estimating channel conditions at different rates},
year={2016},
keywords={802.11;802.11g;SDU,Throughput,Data Rate},
month={November},
}

@ARTICLE{rate_adapt_diff_rates,
author={Stefano Paris, Nicol\`{o} and Fancesco Gringoli and Antonio Capone},
journal={IEEE 77th Vehicular Technology Conference},
title={An Innovative Rate Adaptation Algorithm for Multicast Transmissions in Wireless LANs},
year={2013},
keywords={Multicast Rate Adaptation, Multimedia Communication, Wireless Networks},
doi={10.1109/VTCSpring.2013.6691882},
month={June},
}

@ARTICLE{amuse,
author={Yigal Bejerano and Jaime Ferragut and Katherine Guo and Varun Gupta and Craig Gutterman and Thyaga Nandagopal and Gil Zussman},
journal={IEEE ICNP'13},
title={Scalable WiFi Multicast Services for Very Large Groups},
year={2013},
keywords={802.11, WiFi, Multicast, Feedback Mechanism},
ISBN={978-1-4799-1270-4},
}
@ARTICLE{SARM,
author={Youngsam Park and Yongho Seok and Nakjung Choi and Yanghee Choi and J. M. Bonnin},
booktitle={CCNC 2006. 2006 3rd IEEE Consumer Communications and Networking Conference, 2006.},
title={Rate-adaptive multimedia multicasting over IEEE 802.11 wireless LANs},
year={2006},
volume={1},
pages={178-182},
keywords={Bandwidth;Feedback;Local area networks;Manufacturing;Multimedia systems;Quality of service;State estimation;Streaming media;Unicast;Wireless LAN},
doi={10.1109/CCNC.2006.1593011},
ISSN={2331-9852},
month={Jan},}

@ARTICLE{vid_rate,
author={\¨Ozg\¨u Alay and Thanasis Korakis and Yao Wang and Shivendra Panwar},
title={Dynamic Rate and FEC Adaptation for Video Multicast in Multi-rate Wireless Networks},
year={2009},
keywords={forward error correction, rate adaptation, wireless networks, IEEE 802.11b, video multicast, IEEE 802.11aa},
doi={10.1007/s11036-009-0202-5},
month={August},}

@ARTICLE{nc_mult,
author={Wei Yan and Shengyu Yu and Yueming Cai},
journal={Int. J. Communications, Network and System Sciences, 2010, 3, 816-820},
title={Reliable Multicast with Network Coding in Lossy Wireless Networks},
year={2010},
keywords={Multicast, Network Coding, ARQ, Wireless},
doi={10.4236/ijcns.2010.310110},
month={September},}

@article{Ahlswede,
 author = {Ahlswede, R. and Cai, Ning and Li, S. -Y.R. and Yeung, R. W.},
 title = {Network Information Flow},
 journal = {IEEE Trans. Inf. Theor.},
 issue_date = {July 2000},
 volume = {46},
 number = {4},
 month = sep,
 year = {2006},
 issn = {0018-9448},
 pages = {1204--1216},
 numpages = {13},
 url = {http://dx.doi.org/10.1109/18.850663},
 doi = {10.1109/18.850663},
 acmid = {2266188},
 publisher = {IEEE Press},
 address = {Piscataway, NJ, USA},
}

@article {HernándezMarcano2016,
author = {Hern\'andez Marcano, Néstor J. and Heide, Janus and Lucani, Daniel E. and Fitzek, Frank H. P.},
title = {Throughput, energy and overhead of multicast device-to-device communications with network-coded cooperation},
journal = {Transactions on Emerging Telecommunications Technologies},
issn = {2161-3915},
url = {http://dx.doi.org/10.1002/ett.3011},
doi = {10.1002/ett.3011},
year = {2016},
note = {ett.3011},
}

@ARTICLE{randomnc,
author={T. Ho and M. Medard and R. Koetter and D. R. Karger and M. Effros and J. Shi and B. Leong},
journal={IEEE Transactions on Information Theory},
title={A Random Linear Network Coding Approach to Multicast},
year={2006},
volume={52},
number={10},
pages={4413-4430},
keywords={data communication;linear codes;multicast communication;probability;random codes;source coding;telecommunication network routing;Slepian-Wolf coding;decentralized operation;distributed network coding approach;information compression;information transmission;multisource multicast network;network capacity;network routing;probability;random linear coding;Artificial intelligence;Associate members;Capacity planning;Computer science;Helium;Laboratories;Network coding;Robustness;Routing;Vectors;Distributed compression;distributed networking;multicast;network coding;random linear coding},
doi={10.1109/TIT.2006.881746},
ISSN={0018-9448},
month={Oct},}
